<record><leader>00000cas a2200000 a 4500</leader><controlfield tag="001">12169260</controlfield><controlfield tag="008">850618d18891980ksuwr ne      0    0eng d</controlfield><datafield ind1=" " ind2=" " tag="010"><subfield code="a">sn 85031584 </subfield></datafield><datafield ind1=" " ind2=" " tag="040"><subfield code="a">KSH</subfield><subfield code="b">eng</subfield><subfield code="c">KSH</subfield><subfield code="d">NPT</subfield><subfield code="d">OCL</subfield><subfield code="d">OCLCQ</subfield></datafield><datafield ind1=" " ind2=" " tag="042"><subfield code="a">msc</subfield></datafield><datafield ind1="0" ind2="0" tag="245"><subfield code="a">White City register.</subfield></datafield><datafield ind1=" " ind2=" " tag="260"><subfield code="a">White City, Kan. :</subfield><subfield code="b">W.G. Means &amp; Co.,</subfield><subfield code="c">1889-1980.</subfield></datafield><datafield ind1=" " ind2=" " tag="300"><subfield code="a">91 v. :</subfield><subfield code="b">ill. ;</subfield><subfield code="c">59 cm.</subfield></datafield><datafield ind1=" " ind2=" " tag="310"><subfield code="a">Weekly</subfield></datafield><datafield ind1="0" ind2=" " tag="362"><subfield code="a">Vol. 4, no. 42 (June 7, 1889)-v. 95, no. 39 (Mar. 7, 1980).</subfield></datafield><datafield ind1=" " ind2=" " tag="500"><subfield code="a">Publisher varies.</subfield></datafield><datafield ind1=" " ind2=" " tag="500"><subfield code="a">"Republican."</subfield></datafield><datafield ind1=" " ind2=" " tag="752"><subfield code="a">United States</subfield><subfield code="b">Kansas</subfield><subfield code="c">Morris</subfield><subfield code="d">White City.</subfield></datafield><datafield ind1="0" ind2="0" tag="780"><subfield code="t">White City news</subfield><subfield code="w">(DLC)sn 85031583</subfield></datafield><datafield ind1="0" ind2="5" tag="780"><subfield code="t">Dwight weekly sun</subfield><subfield code="g">Aug. 1898</subfield><subfield code="w">(DLC)sn 85030491</subfield></datafield><datafield ind1="0" ind2="5" tag="780"><subfield code="t">Morris County news (Parkerville, Kan.)</subfield><subfield code="g">Sept. 22, 1900</subfield><subfield code="w">(DLC)sn 85031580</subfield></datafield><datafield ind1="0" ind2="4" tag="785"><subfield code="t">Herington times</subfield><subfield code="w">(OCoLC)11116848</subfield></datafield><datafield ind1="1" ind2=" " tag="029"><subfield code="a">AU@</subfield><subfield code="b">000020378955</subfield></datafield></record>